%%%%%%%%%%%%%%%%%%%%%%%%%%%%%%%%%
% ARTICLES
%%%%%%%%%%%%%%%%%%%%%%%%%%%%%%%%%

@Article{alcala:qin:2010,
  Title                    = {Reconstruction-based contribution for process monitoring with kernel principal component analysis},
  Author                   = {Carlos F. Alcala and S. Joe Qin},
  Year                     = {2010},
  Doi                      = {10.1021/ie9018947},
  Eprint                   = {
 http://dx.doi.org/10.1021/ie9018947

},
  Number                   = {17},
  Pages                    = {7849-7857},
  Url                      = {
 http://dx.doi.org/10.1021/ie9018947

},
  Volume                   = {49},

  Journal                  = {Industrial \& Engineering Chemistry Research}
}


@Article{alcala:qin:2009,
  Title                    = {Reconstruction-based contribution for process monitoring },
  Author                   = {Carlos F. Alcala and S. Joe Qin},
  Year                     = {2009},
  Doi                      = {http://dx.doi.org/10.1016/j.automatica.2009.02.027},
  ISSN                     = {0005-1098},
  Number                   = {7},
  Pages                    = {1593 - 1600},
  Url                      = {http://www.sciencedirect.com/science/article/pii/S0005109809001277},
  Volume                   = {45},

  Journal                  = {Automatica },
  Keywords                 = {Process monitoring}
}


@Article{li:alcala:qin:zhou:2010,
  Title                    = {Generalized reconstruction-based contributions for output-relevant fault diagnosis with application to the tennessee eastman process},
  Author                   = {Gang Li and Carlos F. Alcala and S. Joe Qin and Donghua Zhou},
  Year                     = {2011},
  Doi                      = {10.1109/TCST.2010.2071415},
  ISSN                     = {1063-6536},
  Month                    = {Sept},
  Number                   = {5},
  Pages                    = {1114-1127},
  Volume                   = {19},

  Journal                  = {Control Systems Technology, IEEE Transactions on},
  Keywords                 = {fault diagnosis;least squares approximations;multivariable control systems;principal component analysis;statistical process control;PCA alarms;PCA-based monitoring methods;Tennessee Eastman process;generalized reconstruction based contributions;industrial process;multivariate statistical process monitoring technologies;output-relevant fault diagnosis;output-relevant faults;partial least squares;principal component analysis;process control;Data models;Fault detection;Fault diagnosis;Matrix decomposition;Monitoring;Process control;Output-relevant fault diagnosis;reconstruction-based contribution;total projection to latent structures}
}


@Article{alcala:qin:2011,
  Title                    = {Analysis and generalization of fault diagnosis methods for process monitoring },
  Author                   = {Carlos F. Alcala and S. Joe Qin},
  Year                     = {2011},
  Doi                      = {http://dx.doi.org/10.1016/j.jprocont.2010.10.005},
  ISSN                     = {0959-1524},
  Note                     = {Thomas McAvoy Festschrift },
  Number                   = {3},
  Pages                    = {322 - 330},
  Url                      = {http://www.sciencedirect.com/science/article/pii/S0959152410001915},
  Volume                   = {21},
  Journal                  = {Journal of Process Control },
  Keywords                 = {Fault diagnosis }
}

@Article{alcala:salsbury:2017,
  Title                    = {A method for setpoint alarming using a normalized index},
  Author                   = {Carlos F. Alcala and Timothy I. Salsbury},
  Year                     = {2017},
  Doi                      = {http://dx.doi.org/10.1016/j.conengprac.2016.12.002},
  ISSN                     = {0967-0661},
  Number                   = {3},
  Pages                    = {1 - 6},
  Url                      = {http://www.sciencedirect.com/science/article/pii/S0967066116302799},
  Volume                   = {60},
  Journal                  = {Control Engineering Practice}
}

@article{salsbury2017extremum,
  title={An extremum-seeking control method driven by input--output correlation},
  author={Salsbury, Timothy I and House, John M and Alcala, Carlos F and Li, Yaoyu},
  journal={Journal of Process Control},
  volume={58},
  pages={106--116},
  year={2017},
  publisher={Elsevier}
}


%%%%%%%%%%%%%%%%%%%%%%%%%%%%%%%%%
% CONFERENCE PAPERS
%%%%%%%%%%%%%%%%%%%%%%%%%%%%%%%%%

@inproceedings{seem2016model,
  title={Model Selection for Predicting the Return Time from Night Setback},
  author={Seem, John E and House, John M and Alcala, Carlos F},
  year={2016},
  Booktitle = {International High Performance Buildings Conference}
}


@Inproceedings{salsbury:alcala:2015,
  Title                    = {Two new normalized EWMA-based indices for control loop performance assessment},
  Author                   = {Timothy I. Salsbury and Carlos F. Alcala},
  Booktitle                = {American Control Conference (ACC)},
  Year                     = {2015},
  Doi                      = {10.1109/ACC.2015.7170858},
  Month                    = {July},
  Pages                    = {962-967},

  Keywords                 = {building management systems;control engineering computing;control system analysis;big data sets;building occupants;control loop performance assessment;data available;field tests;managable metrics;modern buildings;new normalized EWMA-based indices;poorly controlled loops;quantify control performance;Benchmark testing;Closed loop systems;Delay effects;Indexes;Mathematical model;Process control}
}

@Inproceedings{alcala:qin:dunia:2012,
  Title                    = {Monitoring of dynamic processes with subspace identification and principal component analysis},
  Author                   = {Carlos F. Alcala, Ricardo Dunia and S. Joe Qin},
  Booktitle                = {Proceedings of the 8th IFAC International Symposium on Fault Detection, Supervision and Safety of Technical Processes},
  Year                     = {2012},
  Doi                      = {10.3182/20120829-3-MX-2028.00238},
  Month                    = {August},
  Pages                    = {684-689},

  Address                  = {Mexico City, Mexico}
}

@Inproceedings{alcala:qin:2009sp,
  Title                    = {Unified analysis of diagnosis methods for process monitoring},
  Author                   = {Carlos F. Alcala and S. Joe Qin},
  Booktitle                = {Proceedings of the 7th IFAC International Symposium on Fault Detection, Supervision and Safety of Technical Processes},
  Year                     = {2009},
  Doi                      = {10.3182/20090630-4-ES-2003.00166},
  Month                    = {July},
  Pages                    = {1007-1012},

  Address                  = {Barcelona, Spain}
}

@Inproceedings{alcala:qin:2008aiche,
 Title                    = {Unification of contribution analysis for process monitoring},
 Author                   = {Carlos F. Alcala and S. Joe Qin},
 Booktitle                = {Proceedings of the 2008 AIChE Annual Meeting},
 Year                     = {2008},
 Month                    = {November},

 Address                  = {Philadelphia, USA}
}


@Inproceedings{alcala:qin:2008,
  Title                    = {Reconstruction-based contribution for process monitoring},
  Author                   = {Carlos Alcala and S. Joe Qin},
  Booktitle                = {Proceedings of 17th IFAC World Congress},
  Year                     = {2008},
  Doi                      = {10.3182/20080706-5-KR-1001.01333},
  Month                    = {July},
  Pages                    = {7889-7894},

  Address                  = {Seoul, Korea}
}

%%%%%%%%%%%%%%%%%%%%%%%%%%%%%%%%%
% PATENTS
%%%%%%%%%%%%%%%%%%%%%%%%%%%%%%%%%

@Misc{alcala:salsbury:2014,
  Title                    = {Systems and methods for adaptive sampling rate adjustment},
  Author                   = {Alcala Perez, C.F. and Salsbury, T.I.},
  Year                     = {2014},
  Month                    = sep # {~11},
  Note                     = {US Patent App. 13/794,683},
  Url                      = {http://www.google.com/patents/US20140257528},

  Publisher                = {Google Patents},
  Yearfiled                = {2013}
}

% Optional fields: author, title, howpublished, month, year, note
@misc{alcala:salsbury:2016a,
  title={Control system with response time estimation},
  author={Alcala Perez, C.F. and Salsbury, T.I.},
  url={https://www.google.com/patents/US20160282822},
  year={2016},
  month=sep # "~29",
  publisher={Google Patents},
  note={US Patent App. 15/173,284}
}

@Misc{alcala:salsbury:2016b,
  title={Control system with response time estimation and automatic operating parameter adjustment},
  author={Alcala Perez, C.F. and Salsbury, T.I.},
  url={https://www.google.com/patents/US20160282820},
  year={2016},
  month=sep # "~29",
  publisher={Google Patents},
  note={US Patent App. 15/173,295}
}

@Misc{alcala:salsbury:ajax:2016,
  title={Feedback control system with normalized performance indices for setpoint alarming},
  author={Salsbury, T.I. and Alcala Perez, C.F. and Ajax, Michael J.},
  url={https://patents.google.com/patent/US20160098020A1},
  year={2015},
  month=dec # "~07",
  publisher={Google Patents},
  note={US Patent App. 14/961,747}
}

@misc{alcala:2016:pca,
  title={Building management system with voting-based fault detection and diagnostics},
  author={Alcala Perez, C.F.},
  url={https://www.google.com/patents/US20160370258},
  year={2016},
  month=dec # "~22",
  publisher={Google Patents},
  note={US Patent App. 14/744,761}
}

@misc{alcala:hamilton:2017,
  title={Building management system with predictive diagnostics},
  author={Alcala Perez, C.F. and Hamilton, S.F.},
  url={https://patents.justia.com/patent/20170366414},
  year={2017},
  month=dec # "~21",
  publisher={Justia Patents},
  note={US Patent App. 15/188,824}
}

